<?xml version="1.0" encoding="UTF-8"?><collection xmlns="http://www.loc.gov/MARC21/slim"><record><leader>00536nam--2200169-i-4500</leader><controlfield tag="001">000002002</controlfield><controlfield tag="002">20161230</controlfield><controlfield tag="005">20161230201024</controlfield><controlfield tag="008">060222s1000------------r-----000-0-eng-d</controlfield><datafield ind1=" " ind2=" " tag="040"><subfield code="a">IFI-HH</subfield></datafield><datafield ind1=" " ind2=" " tag="080"><subfield code="a">539.19</subfield></datafield><datafield ind1="1" ind2=" " tag="100"><subfield code="a">Estermann, Immanuel</subfield></datafield><datafield ind1="1" ind2="0" tag="245"><subfield code="a">Recent research in molecular beams</subfield><subfield code="b">A collection of papers dedicated to otto stern on the occasion of his seventieth birthday</subfield><subfield code="c">Immanuel estermann (ed.)</subfield></datafield><datafield ind1=" " ind2=" " tag="260"><subfield code="a">New York</subfield><subfield code="b">Academic Press</subfield><subfield code="c">1959</subfield></datafield><datafield ind1=" " ind2=" " tag="300"><subfield code="a">190 P</subfield></datafield><datafield ind1=" " ind2=" " tag="852"><subfield code="a">15590</subfield><subfield code="c">539.19</subfield></datafield><datafield ind1=" " ind2=" " tag="CAT"><subfield code="a">Sys</subfield><subfield code="c">20120712</subfield><subfield code="h">130147</subfield></datafield></record></collection>